<record><leader>00000cas a22000007a 4500</leader><controlfield tag="001">15021316</controlfield><controlfield tag="008">861229d18321837pauwr ne      0    0eng d</controlfield><datafield ind1=" " ind2=" " tag="010"><subfield code="a">sn 86054067 </subfield></datafield><datafield ind1=" " ind2=" " tag="040"><subfield code="a">NPX</subfield><subfield code="b">eng</subfield><subfield code="c">NPX</subfield><subfield code="d">NPH</subfield><subfield code="d">OCLCQ</subfield></datafield><datafield ind1=" " ind2=" " tag="042"><subfield code="a">msc</subfield></datafield><datafield ind1="0" ind2=" " tag="130"><subfield code="a">Northern Pennsylvanian (Dundaff, Pa.)</subfield></datafield><datafield ind1="1" ind2="0" tag="245"><subfield code="a">Northern Pennsylvanian.</subfield></datafield><datafield ind1="1" ind2="3" tag="246"><subfield code="a">Pennsylvanian</subfield></datafield><datafield ind1=" " ind2=" " tag="260"><subfield code="a">Dundaff, Pa. :</subfield><subfield code="b">Amzi Wilson,</subfield><subfield code="c">1832-1837.</subfield></datafield><datafield ind1=" " ind2=" " tag="300"><subfield code="a">6 v. ;</subfield><subfield code="c">51 cm.</subfield></datafield><datafield ind1=" " ind2=" " tag="310"><subfield code="a">Weekly</subfield></datafield><datafield ind1="0" ind2=" " tag="362"><subfield code="a">Vol. 1, no. 22 (Aug. 24, 1832)-v. 6, no. 16 (July 8, 1837).</subfield></datafield><datafield ind1=" " ind2=" " tag="500"><subfield code="a">Published in Carbondale, Pa., Dec. 1832-1837.</subfield></datafield><datafield ind1=" " ind2=" " tag="752"><subfield code="a">United States</subfield><subfield code="b">Pennsylvania</subfield><subfield code="c">Lackawanna</subfield><subfield code="d">Carbondale.</subfield></datafield><datafield ind1=" " ind2=" " tag="752"><subfield code="a">United States</subfield><subfield code="b">Pennsylvania</subfield><subfield code="c">Luzerne</subfield><subfield code="d">Carbondale.</subfield></datafield><datafield ind1=" " ind2=" " tag="752"><subfield code="a">United States</subfield><subfield code="b">Pennsylvania</subfield><subfield code="c">Susquehanna</subfield><subfield code="d">Dundaff.</subfield></datafield><datafield ind1="0" ind2="0" tag="780"><subfield code="t">Northern Pennsylvanian, and Luzerne and Susquehanna advertiser</subfield><subfield code="w">(DLC)sn 87079912</subfield></datafield><datafield ind1="0" ind2="0" tag="785"><subfield code="t">Northern Pennsylvanian, and Susquehanna, Wayne and Luzerne advertiser</subfield><subfield code="w">(DLC)sn 87078268</subfield></datafield></record>